% example .bib file for use with projectpaper.tex

% TF-IDF
@article{robertson1976relevance,
  title={Relevance weighting of search terms},
  author={Robertson, Stephen E and Jones, K Sparck},
  journal={Journal of the American Society for Information science},
  volume={27},
  number={3},
  pages={129--146},
  year={1976},
  publisher={Wiley Online Library}
}

% GloVe
@inproceedings{pennington2014glove,
  title={Glove: Global vectors for word representation},
  author={Pennington, Jeffrey and Socher, Richard and Manning, Christopher},
  booktitle={Proceedings of the 2014 conference on empirical methods in natural language processing (EMNLP)},
  pages={1532--1543},
  year={2014}
}

% Word2Vec
@article{mikolov2013efficient,
  title={Efficient estimation of word representations in vector space},
  author={Mikolov, Tomas and Chen, Kai and Corrado, Greg and Dean, Jeffrey},
  journal={arXiv preprint arXiv:1301.3781},
  year={2013}
}

% Sarcasm definition
@Book{TCDP1999,
    publisher = {Cambridge University Press},
    author = {Rationality.},
    title = {{The Cambridge Dictionary of Philosophy}},
    year = {1999},
}

% ElMo
@article{peters2018deep,
  title={Deep contextualized word representations},
  author={Peters, Matthew E and Neumann, Mark and Iyyer, Mohit and Gardner, Matt and Clark, Christopher and Lee, Kenton and Zettlemoyer, Luke},
  journal={arXiv preprint arXiv:1802.05365},
  year={2018}
}

% Bert
@article{devlin2018bert,
  title={Bert: Pre-training of deep bidirectional transformers for language understanding},
  author={Devlin, Jacob and Chang, Ming-Wei and Lee, Kenton and Toutanova, Kristina},
  journal={arXiv preprint arXiv:1810.04805},
  year={2018}
}

% F1 score critique
@article{hand2018note,
  title={A note on using the F-measure for evaluating record linkage algorithms},
  author={Hand, David and Christen, Peter},
  journal={Statistics and Computing},
  volume={28},
  number={3},
  pages={539--547},
  year={2018},
  publisher={Springer}
}