% example .bib file for use with projectpaper.tex

@book{budgen
  ,author = {David Budgen}
  ,title = {Software Design}
  ,edition = "2nd"
  ,year = 2003
  ,publisher = {Addison Wesley}
}

@inproceedings{pennington2014glove,
  title={Glove: Global vectors for word representation},
  author={Pennington, Jeffrey and Socher, Richard and Manning, Christopher},
  booktitle={Proceedings of the 2014 conference on empirical methods in natural language processing (EMNLP)},
  pages={1532--1543},
  year={2014}
}

@unpublished{euther
  ,author = {K. Euther}
  ,title = {Title of Paper}
  ,year = 2006
  ,note = {unpublished}
}

@unpublished{futher
  ,author = {R. Futher}
  ,title = {Title of Paper 2}
  ,year = 2006
  ,journal = {J. Name. Stand. Abbrev.}
  ,note = {submitted for publication}
}
